#LOCALES
#Ministerio de Educación
@misc{minedu2021,
	author       = {MINEDU},
	year         = {2021},
	title        = {Proyectos de innovación educativa en Ayacucho},
	howpublished = {Recuperado de https://www.gob.pe/minedu}
}

@misc{garcia2020,
  author       = {García, Juan and Quispe, María},
  year         = {2020},
  title        = {Informe técnico: Yachachinapaq Pusanakuy},
  institution  = {Dirección Regional de Educación de Ayacucho},
  address      = {Ayacucho, Perú}
}

#NACIONALES
@misc{pcm2022,
  author       = {Presidencia del Consejo de Ministros},
  year         = {2022},
  title        = {Plataforma Nacional de Talento Digital del Estado Peruano},
  howpublished = {Recuperado de \url{https://www.gob.pe/pcm}}
}

@misc{ramos2021,
  author       = {Ramos, Luis},
  year         = {2021},
  title        = {Implementación de plataformas e-learning para la capacitación de colaboradores},
  howpublished = {Universidad Privada del Norte}
}
#INTERNACIONALES
@inproceedings{gupta2020,
  author    = {Gupta, Anil},
  year      = {2020},
  title     = {Coursera: A MOOC-based Business Model},
  booktitle = {Proceedings of the International Conference on Online Learning},
  pages     = {101--110},
  publisher = {Academic Press}
}

@online{uoc2023,
  author  = {{Universitat Oberta de Catalunya}},
  year    = {2023},
  title   = {Metodología y modelo educativo de la UOC},
  url     = {https://www.uoc.edu/},
  urldate = {2025-08-11}
}

@online{khan2022,
  author  = {{Khan Academy}},
  year    = {2022},
  title   = {About Khan Academy},
  url     = {https://www.khanacademy.org/},
  urldate = {2025-08-11}
}